<?xml version="1.0" encoding="UTF-8"?><collection xmlns="http://www.loc.gov/MARC21/slim"><record><leader>00337nam--2200133-i-4500</leader><controlfield tag="001">000024073</controlfield><controlfield tag="002">20161230</controlfield><controlfield tag="005">20161230201035</controlfield><controlfield tag="008">060222s1000------------r-----000-0-eng-d</controlfield><datafield ind1=" " ind2=" " tag="080"><subfield code="a">551.5</subfield></datafield><datafield ind1=" " ind2=" " tag="100"><subfield code="a">Heyer, Ernst</subfield></datafield><datafield ind1=" " ind2=" " tag="245"><subfield code="a">Witterung und klima</subfield></datafield><datafield ind1=" " ind2=" " tag="260"><subfield code="a">Leipzig, B.G.Teuber Verlagsgesellschaft, 1963, 439 P. + 32 Abb</subfield></datafield><datafield ind1=" " ind2=" " tag="852"><subfield code="a">47683</subfield></datafield></record></collection>